<?xml version="1.0" encoding="UTF-8"?><collection xmlns="http://www.loc.gov/MARC21/slim"><record><leader>00437nam--2200133-i-4500</leader><controlfield tag="001">000010718</controlfield><controlfield tag="002">20161230</controlfield><controlfield tag="005">20161230201028</controlfield><controlfield tag="008">060222s1000------------r-----000-0-eng-d</controlfield><datafield ind1=" " ind2=" " tag="080"><subfield code="a">621.31</subfield></datafield><datafield ind1=" " ind2=" " tag="100"><subfield code="a">Clarke, Edith</subfield></datafield><datafield ind1=" " ind2=" " tag="245"><subfield code="a">Analiza circuitelor sistemelor electroenergeti ce. traducere selectiva din limba engleza (sua) du pa editia a saptea, adaptata si actualizata</subfield></datafield><datafield ind1=" " ind2=" " tag="260"><subfield code="a">Bucuresti, Editura Tehnica, 1973 609 P</subfield></datafield><datafield ind1=" " ind2=" " tag="852"><subfield code="a">38955</subfield></datafield></record></collection>